<?xml version="1.0" encoding="UTF-8"?><collection xmlns="http://www.loc.gov/MARC21/slim"><record><leader>00394nam--2200157-i-4500</leader><controlfield tag="001">000030850</controlfield><controlfield tag="002">20161230</controlfield><controlfield tag="005">20170221174141</controlfield><controlfield tag="008">060222s1000------------r-----000-0-eng-d</controlfield><datafield ind1=" " ind2=" " tag="080"><subfield code="a">621.039.54</subfield></datafield><datafield ind1=" " ind2=" " tag="245"><subfield code="a">Materials for nuclear engineers</subfield></datafield><datafield ind1=" " ind2=" " tag="260"><subfield code="a">New York</subfield><subfield code="b">Interscience Publ., Inc</subfield><subfield code="c">1960</subfield></datafield><datafield ind1=" " ind2=" " tag="300"><subfield code="a">IX + 373 p</subfield></datafield><datafield ind1=" " ind2=" " tag="700"><subfield code="a">Heal, T. J</subfield></datafield><datafield ind1=" " ind2=" " tag="852"><subfield code="a">16082</subfield></datafield><datafield ind1=" " ind2=" " tag="CAT"><subfield code="a">SYS</subfield><subfield code="c">20170221</subfield><subfield code="h">174141</subfield></datafield></record></collection>